%% This BibTeX bibliography file was created using BibDesk.
%% http://bibdesk.sourceforge.net/


%% Created for Niclas Stock at 2014-03-14 13:07:40 +0100 


%% Saved with string encoding Unicode (UTF-8) 



@article{b86,
	Author = {Heike Jung},
	Date-Added = {2014-03-13 08:38:09 +0000},
	Date-Modified = {2014-03-13 08:39:01 +0000},
	Gender = {sm},
	Journal = {JZ},
	Keywords = {StrR},
	Pages = {303--307},
	Title = {Das Kachelmann-Urteil im Spiegel der Presse -- eine Momentaufnahme zu dem Thema \frq Strafjustiz und Medien\flq},
	Year = {2012}}

@article{b85,
	Author = {Bernd G{\"a}bler},
	Date-Added = {2014-03-13 08:37:12 +0000},
	Date-Modified = {2014-03-13 08:37:58 +0000},
	Gender = {sm},
	Journal = {Stern},
	Keywords = {StrR},
	Title = {Berichterstattung {\"u}ber den Kachelmann-Prozess: Absurde Gefechte der Medien},
	Url = {http://www.stern.de/panorama/berichterstattung-ueber-den-kachelmann-prozess-absurde-gefechte-der-medien-1689359.html},
	Urldate = {13.03.2014},
	Year = {30.05.2011}}

@article{b84,
	Author = {Ulrich Exner},
	Date-Added = {2014-03-13 07:21:17 +0000},
	Date-Modified = {2014-03-13 07:21:51 +0000},
	Gender = {sm},
	Journal = {Welt},
	Keywords = {StrR},
	Title = {Der Staatsanwalt ist mit Wulff noch nicht fertig},
	Url = {http://www.welt.de/politik/deutschland/article125448105/Der-Staatsanwalt-ist-mit-Wulff-noch-nicht-fertig.html},
	Urldate = {13.03.2014},
	Year = {05.03.14}}

@incollection{b83,
	Address = {Wiesbaden},
	Author = {Nadine Remus},
	Booktitle = {Litigation-PR: Alles was Recht ist. Zum systematischen Stand der strategischen Rechtskommunikation},
	Date-Added = {2014-03-12 12:41:13 +0000},
	Date-Modified = {2014-03-12 12:42:31 +0000},
	Editor = {Lars Rademacher and Alexander Schmitt-Geiger},
	Editortype = {Hrsg.},
	Gender = {sm},
	Keywords = {StrR},
	Pages = {169--186},
	Shorttitle = {Rademacher/Schmitt-Geiger (Hg.)},
	Title = {Justizberichterstattung als {\"o}ffentliche Aufgabe},
	Year = {2013}}

@commented{stgb_mueko:185-262,
	Address = {M{\"u}nchen},
	Date-Added = {2014-03-12 12:07:14 +0000},
	Date-Modified = {2014-03-12 12:08:27 +0000},
	Edition = {2.},
	Editor = {Wolfgang Joecks and Klaus Miebach},
	Editortype = {Hrsg.},
	Howcited = {1},
	Keywords = {StrR},
	Shortauthor = {M{\"u}Ko-StGB},
	Title = {M{\"u}nchener Kommentar zum Strafgesetzbuch -- Band 4 {\S}{\S}\,185--262},
	Year = {2012}}

@incollection{b82,
	Address = {Wiesbaden},
	Author = {Daniel N{\"o}lleke},
	Booktitle = {Spezialisierung im Journalismus},
	Date-Added = {2014-03-11 08:45:26 +0000},
	Date-Modified = {2014-03-11 08:46:27 +0000},
	Editor = {Beatrice Dernbach and Thorsten Quandt},
	Editortype = {Hrsg.},
	Gender = {sm},
	Keywords = {StrR},
	Pages = {97--110},
	Shorttitle = {Dernbach/Quandt (Hg.)},
	Title = {Die Konstruktion von Expertentum im Journalismus},
	Year = {2009}}

@article{b81,
	Author = {Thomas Feltes and Christian Oestermann},
	Date-Added = {2014-03-11 08:00:21 +0000},
	Date-Modified = {2014-03-11 08:02:01 +0000},
	Gender = {sm},
	Journal = {MschrKrim},
	Keywords = {StrR},
	Pages = {261--268.},
	Title = {Kriminalberichterstattung, Verbrechensfurcht und Stigmatisierung: Anmerkungen zu den (unterstellten) Folgen von massenmedialen Verbechensdarstellungen f{\"u}r T{\"a}ter, Opfer und Bev{\"o}lkerung},
	Year = {1985}}

@article{b41,
	Author = {Wolfgang Arenh{\"o}vel},
	Date-Added = {2014-03-10 15:23:58 +0000},
	Date-Modified = {2014-03-10 15:25:02 +0000},
	Gender = {sm},
	Journal = {ZRP},
	Keywords = {StrR},
	Pages = {61--62},
	Title = {Unsachliche, herabsetzende Kritik an Urteilen, Richtern und Staatsanw{\"a}lten nimmt zu. Aber die Justiz kommt in den Medien besser weg als die Politik},
	Year = {2004}}

@article{b25,
	Author = {Siegfried Lamneck},
	Date-Added = {2014-03-10 14:55:07 +0000},
	Date-Modified = {2014-03-10 14:56:27 +0000},
	Gender = {sm},
	Journal = {MschrKrim},
	Keywords = {StrR},
	Pages = {163--176},
	Title = {Kriminalit{\"a}tsberichterstattung in den Massenmedien als Problem},
	Year = {1990}}

@incollection{b80,
	Address = {Wiesbaden},
	Author = {Christian Pfeiffer},
	Booktitle = {Von Lichtgestalten und Dunkelm{\"a}nnern},
	Date-Added = {2014-03-10 14:45:56 +0000},
	Date-Modified = {2014-03-10 14:47:33 +0000},
	Editor = {Thomas Hestermann},
	Editortype = {Hrsg.},
	Gender = {sm},
	Keywords = {StrR},
	Pages = {125--139},
	Shorttitle = {Hestermann (Hg.)},
	Title = {Verbrechensfurcht und eine Kriminalpolitik des rauchenden Colts},
	Year = {2012}}

@article{b18,
	Author = {Melanie Verhovnik},
	Date-Added = {2014-03-10 14:31:48 +0000},
	Date-Modified = {2014-03-10 14:32:33 +0000},
	Gender = {sm},
	Journal = {Communicatio Socialis},
	Keywords = {StrR},
	Pages = {292---305},
	Title = {Gerichtsberichterstattung und die Verantwortung der Medien},
	Year = {2012}}

@incollection{b79,
	Address = {M{\"u}nchen},
	Author = {Bernd-Dieter Meier},
	Booktitle = {Alternativ-Entwurf Strafjustiz und Medien (AE-StuM)},
	Date-Added = {2014-03-10 12:49:06 +0000},
	Date-Modified = {2014-03-10 12:49:39 +0000},
	Editor = {Britta Bannenberg and Frank H{\"o}pfel and Barbara Huber and Heike Jung},
	Gender = {sm},
	Keywords = {StrR},
	Pages = {89--101},
	Shorttitle = {AE-StuM},
	Title = {Ausk{\"u}nfte gegen{\"u}ber den Medien},
	Year = {2004}}

@incollection{b78,
	Address = {M{\"u}nchen},
	Author = {Franz Ricklin and Frank H{\"o}pfel},
	Booktitle = {Alternativ-Entwurf Strafjustiz und Medien (AE-StuM)},
	Date-Added = {2014-03-10 12:44:02 +0000},
	Date-Modified = {2014-03-10 12:46:14 +0000},
	Editor = {Britta Bannenberg and Frank H{\"o}pfel and Barbara Huber and Heike Jung},
	Gender = {sm},
	Keywords = {StrR},
	Pages = {53--66},
	Shorttitle = {AE-StuM},
	Title = {Verletzung der Unschuldsvermutung},
	Year = {2004}}

@commented{strnebeng_erbs-kohlhaas,
	Address = {M{\"u}nchen},
	Date-Added = {2014-03-10 12:35:28 +0000},
	Date-Modified = {2014-03-10 12:37:48 +0000},
	Edition = {195. Erg{\"a}nzungslieferung},
	Editor = {Georg Erbs and Max Kohlhaas},
	Editortype = {Hrsg.},
	Howcited = {1},
	Keywords = {StrR},
	Shortauthor = {Erbs-Kohlhaas},
	Title = {Strafrechtliche Nebengesetze},
	Year = {2013}}

@article{b76,
	Author = {Claus Roxin},
	Date-Added = {2014-03-10 12:31:13 +0000},
	Date-Modified = {2014-03-10 12:31:45 +0000},
	Gender = {sm},
	Journal = {NStZ},
	Keywords = {StrR},
	Pages = {153--160},
	Title = {Strafrechtliche und strafprozessuale Probleme der Vorverurteilung},
	Year = {1991}}

@article{b26,
	Author = {Ryan B. Bell and Paula Odysseos},
	Date-Added = {2014-03-10 12:21:22 +0000},
	Date-Modified = {2014-03-10 12:24:14 +0000},
	Gender = {sm},
	Journal = {Georgetown Journal of Legal Ethics},
	Keywords = {StrR},
	Pages = {653--669},
	Title = {Sex, Drugs, and Court TV? How America's Increasing Interest in Trial Publicity Impacts Our Lawyers and the Legal System},
	Year = {2002}}

@book{b75,
	Address = {Frankfurt~a.\,M.},
	Author = {Max Horkheimer and Theodor W. Adorno},
	Date-Added = {2014-03-10 09:53:07 +0000},
	Date-Modified = {2014-03-10 09:56:12 +0000},
	Edition = {16.},
	Keywords = {StrR},
	Title = {Dialektik der Aufkl{\"a}rung: philosophische Fragmente},
	Year = {2006}}

@article{b22,
	Author = {Michael F{\"o}rster and Josef Schenk},
	Date-Added = {2014-03-09 11:19:09 +0000},
	Date-Modified = {2014-03-09 11:20:18 +0000},
	Gender = {sm},
	Journal = {MschrKrim},
	Keywords = {StrR},
	Pages = {90--104},
	Title = {Der Einflu{\ss} massenmedialer Verbrechensdarstellungen auf Verbrechensfurcht und Einstellung zu Straft{\"a}tern},
	Year = {1984}}

@article{b74,
	Author = {Sebastian Scheerer},
	Date-Added = {2014-03-08 09:10:12 +0000},
	Date-Modified = {2014-03-08 09:11:01 +0000},
	Journal = {KrimJ},
	Keywords = {StrR},
	Pages = {223-227},
	Title = {Der politisch-publizistische Verst{\"a}rkerkreislauf. Zur Beeinflussung der Massenmedien im Proze{\ss} strafrechtlicher Sozialkontrolle.},
	Year = {1978}}

@book{b73,
	Address = {Frankfurt~a.\,M.},
	Author = {Hans-J{\"u}rgen Arlt and Wolfgang Storz},
	Date-Added = {2014-03-07 14:56:49 +0000},
	Date-Modified = {2014-03-11 09:03:36 +0000},
	Keywords = {StrR},
	Title = {\frq Bild\flq\ und Wulff -- Ziemlich beste Partner},
	Year = {2012}}

@incollection{b72,
	Address = {K{\"o}ln},
	Author = {Harald Kania},
	Booktitle = {Alltagsvorstellungen von Kriminalit{\"a}t},
	Date-Added = {2014-03-07 12:25:07 +0000},
	Date-Modified = {2014-03-07 12:26:55 +0000},
	Editor = {Michael Walter and Harald Kania and Hans-J{\"o}rn Albrecht},
	Editortype = {Hrsg.},
	Gender = {pm},
	Keywords = {StrR},
	Pages = {137--156},
	Shorttitle = {Walter/Kania/Albrecht (Hg.)},
	Title = {Kriminalit{\"a}tsberichte und die Konstruktion von Kriminalit{\"a}tswirklichkeit},
	Year = {2004}}

@article{b21,
	Author = {Christian Pfeiffer},
	Date-Added = {2014-03-07 12:17:31 +0000},
	Date-Modified = {2014-03-07 12:51:57 +0000},
	Gender = {sm},
	Journal = {FAZ},
	Keywords = {StrR},
	Pages = {378--381},
	Title = {Die D{\"a}monisierung des B{\"o}sen},
	Url = {http://kfn.de/versions/kfn/assets/daemonisierung.pdf},
	Urldate = {07.03.2014},
	Year = {05.03.2004}}

@article{b71,
	Author = {Michael Windzio and Julia Simonson and Christian Pfeiffer and Matthias Kleimann},
	Date-Added = {2014-03-07 10:59:03 +0000},
	Date-Modified = {2014-03-14 12:07:39 +0000},
	Howcited = {1},
	Keywords = {StrR},
	Shorttitle = {KFN Nr. 103},
	Title = {Kriminalit{\"a}tswahrnehmung und Punitivit{\"a}t in der Bev{\"o}lkerung - Welche Rolle spielen die Massenmedien?},
	Year = {2007}}

@book{b69,
	Address = {Berlin},
	Date-Added = {2014-03-07 10:46:05 +0000},
	Date-Modified = {2014-03-07 10:46:51 +0000},
	Editor = {Hans-Dieter Schwind and J{\"u}rgen Baumann and Friedrich L{\"o}sel and Helmut Remschmidt},
	Keywords = {StrR},
	Shorttitle = {Bd. I},
	Title = {Ursachen, Pr{\"a}vention und Kontrolle von Gewalt. Bd. I -- Endgutachten und Zwischengutachten der Arbeitsgruppen},
	Year = {1990}}

@book{b70,
	Address = {Berlin},
	Date-Added = {2014-03-07 10:44:28 +0000},
	Date-Modified = {2014-03-07 10:46:43 +0000},
	Editor = {Hans-Dieter Schwind and J{\"u}rgen Baumann and Friedrich L{\"o}sel and Helmut Remschmidt},
	Keywords = {StrR},
	Shorttitle = {Bd. II},
	Title = {Ursachen, Pr{\"a}vention und Kontrolle von Gewalt. Bd. II -- Erstgutachten der Unterkommissionen},
	Year = {1990}}

@incollection{b68,
	Address = {Baden-Baden},
	Author = {Hans Mathias Kepplinger},
	Booktitle = {Die {\"O}ffentlichkeit als Richter? Litigation-PR als neue Methode der Rechtsfindung},
	Date-Added = {2014-03-07 07:52:52 +0000},
	Date-Modified = {2014-03-13 17:07:22 +0000},
	Editor = {Volker Boehme-Ne{\ss}ler},
	Editortype = {Hrsg.},
	Gender = {sm},
	Keywords = {StrR},
	Pages = {154--171},
	Shorttitle = {Bohme-Ne{\ss}ler (Hg.)},
	Title = {Die {\"O}ffentlichkeit als Richter? Empirische Kenntnisse zu einer brisanten Frage},
	Year = {2010}}

@article{b67,
	Author = {Volker Boehme-Ne{\ss}ler},
	Date-Added = {2014-03-06 13:22:47 +0000},
	Date-Modified = {2014-03-06 13:23:56 +0000},
	Journal = {Legal Tribune Online},
	Keywords = {StrR},
	Title = {Die Kavallerie der Justiz. Die Staatsanw{\"a}lte und der Fall Kachelmann},
	Url = {http://www.lto.de/persistent/a_id/1365/},
	Urldate = {06.03.2014},
	Year = {06.09.2010}}

@article{b66,
	Author = {Olaf Hohmann},
	Date-Added = {2014-03-06 12:37:29 +0000},
	Date-Modified = {2014-03-06 12:38:12 +0000},
	Journal = {NJW},
	Keywords = {StrR},
	Pages = {881--885},
	Title = {Verdachtsberichterstattung und Strafverteidigung --- Anwaltsstrategien im Umgang mit den Medien},
	Year = {2009}}

@book{b65,
	Address = {Dresden},
	Author = {McLuhan, Marshall},
	Date-Added = {2014-03-06 10:56:24 +0000},
	Date-Modified = {2014-03-06 10:56:50 +0000},
	Keywords = {StrR},
	Title = {Die magischen Kan{\"a}le: \frq Understanding Media\flq},
	Year = {1992}}

@incollection{b64,
	Address = {Wiesbaden},
	Author = {Christine Landmeier and Gregor Daschmann},
	Booktitle = {Krise der Leuchtt{\"u}rme {\"o}ffentlicher Kommunikation. Vergangenheit und Zukunft der Qualit{\"a}tsmedien},
	Date-Added = {2014-03-06 10:15:45 +0000},
	Date-Modified = {2014-03-06 10:17:39 +0000},
	Editor = {Roger Blum and Heinz Bonfadelli and Kurt Imhof and Otfried Jarren},
	Editortype = {Hrsg.},
	Gender = {sm},
	Keywords = {StrR},
	Pages = {177--191},
	Shorttitle = {Blum et.\,al. (Hg.)},
	Title = {Im Seichten kann man nicht ertrinken? Boulevardisierung in der {\"u}berregionalen deutschen Qualit{\"a}tspresse},
	Year = {2011}}

@article{b63,
	Author = {Wolfgang Donsbach and Katrin B{\"u}ttner},
	Date-Added = {2014-03-06 10:15:36 +0000},
	Date-Modified = {2014-03-13 17:00:24 +0000},
	Journal = {Publizistik},
	Keywords = {StrR},
	Pages = {21--38},
	Title = {Boulevardisierungstrend in deutschen Fernsehnachrichten},
	Year = {2005}}

@incollection{b62,
	Address = {Wiesbaden},
	Author = {Volker Boehme-Ne{\ss}ler},
	Booktitle = {Litigation-PR: Alles was Recht ist. Zum systematischen Stand der strategischen Rechtskommunikation},
	Date-Added = {2014-03-06 09:10:01 +0000},
	Date-Modified = {2014-03-06 09:40:37 +0000},
	Editor = {Lars Rademacher and Alexander Schmitt-Geiger},
	Editortype = {Hrsg.},
	Gender = {sm},
	Keywords = {StrR},
	Pages = {75--92},
	Shorttitle = {Rademacher/Schmitt-Geiger (Hg.)},
	Title = {Rechtsprechung im Gerichtshof der {\"O}ffentlichkeit? Rechtssoziologische {\"U}berlegungen zur Litigation-PR},
	Year = {2013}}

@book{litpr_holzinger_wolf,
	Address = {Wiesbaden},
	Author = {Stephan Holzinger and Uwe Wolff},
	Date-Added = {2014-03-06 09:02:33 +0000},
	Date-Modified = {2014-03-06 09:03:25 +0000},
	Keywords = {StrR},
	Title = {Im Namen der {\"O}ffentlichkeit. Litigation-PR als strategisches Instrument bei juristischen Auseinandersetzungen},
	Year = {2009}}

@commented{strvert_bockemhl,
	Address = {K{\"o}ln},
	Date-Added = {2014-03-06 08:50:30 +0000},
	Date-Modified = {2014-03-06 08:51:31 +0000},
	Edition = {5.},
	Editor = {Jan Bockem{\"u}hl},
	Editortype = {Hrsg.},
	Howcited = {1},
	Keywords = {StrR},
	Title = {Handbuch des Fachanwalts Strafrecht},
	Year = {2012}}

@book{b61,
	Address = {Luzern},
	Author = {Frank Wilmes},
	Date-Added = {2014-03-06 08:29:36 +0000},
	Date-Modified = {2014-03-06 08:30:30 +0000},
	Keywords = {StrR},
	Title = {Krisen-PR -- Alles eine Frage der Taktik},
	Year = {2006}}

@article{b60,
	Author = {Thomas Hestermann},
	Date-Added = {2014-03-04 14:34:28 +0000},
	Date-Modified = {2014-03-13 17:05:39 +0000},
	Journal = {ZJJ},
	Keywords = {StrR},
	Pages = {255--260},
	Title = {\frq Kanaldeckel auf und rein mit dem Perversen.\flq~Wie die Gewaltberichterstattung Emotionen sch{\"u}rt},
	Year = {2012}}

@book{b59,
	Address = {Hamburg},
	Author = {J{\"u}rgen Behr},
	Date-Added = {2014-03-04 10:56:52 +0000},
	Date-Modified = {2014-03-04 11:03:07 +0000},
	Keywords = {StrR},
	Title = {Der Sensationsproze{\ss}},
	Year = {1968}}

@book{a09,
	Address = {Paderborn},
	Author = {Heinrich B{\"o}ll},
	Date-Added = {2014-03-04 08:44:11 +0000},
	Date-Modified = {2014-03-04 08:45:56 +0000},
	Title = {Die verlorene Ehre der Katharina Blum},
	Year = {2009}}

@article{b27,
	Author = {Gostomzyk, Tobias},
	Date-Added = {2014-03-02 09:16:04 +0000},
	Date-Modified = {2014-03-02 09:17:44 +0000},
	Gender = {sm},
	Journal = {AfP},
	Keywords = {StrR},
	Pages = {437--441},
	Title = {Die Rechtsrealit{\"a}t der Massenmedien},
	Year = {2005}}

@book{b58,
	Address = {Darmstadt},
	Author = {Niklas Luhmann},
	Date-Added = {2014-02-28 14:57:03 +0000},
	Date-Modified = {2014-02-28 14:57:45 +0000},
	Edition = {2.},
	Keywords = {StrR},
	Title = {Legitimation durch Verfahren},
	Year = {1975}}

@article{b57,
	Author = {Alice Schwarzer},
	Date-Added = {2014-02-28 14:10:54 +0000},
	Date-Modified = {2014-02-28 14:12:14 +0000},
	Keywords = {StrR},
	Title = {Haben Opfer eine Chance?},
	Url = {http://www.aliceschwarzer.de/artikel/haben-opfer-eine-chance-154401},
	Urldate = {28.02.2014},
	Year = {22.09.2011}}

@book{b56,
	Address = {M{\"u}nchen},
	Author = {Hans Joachim Schneider},
	Date-Added = {2014-02-28 08:05:10 +0000},
	Date-Modified = {2014-02-28 08:34:06 +0000},
	Keywords = {StrR},
	Shorttitle = {Gesch{\"a}ft mit dem Verbrechen},
	Title = {Das Gesch{\"a}ft mit dem Verbrechen},
	Year = {1980}}

@article{b55,
	Author = {Thomas Feltes},
	Date-Added = {2014-02-28 07:35:09 +0000},
	Date-Modified = {2014-02-28 07:35:51 +0000},
	Journal = {Kriminalistik},
	Keywords = {StrR},
	Pages = {451--457},
	Title = {Stigmatisierung durch Kriminalberichterstattung?},
	Year = {1980}}

@incollection{b54,
	Address = {Heidelberg},
	Author = {Kari-Maria Karliczek},
	Booktitle = {Jugendliche Mehrfach- und Intensivt{\"a}ter},
	Date-Added = {2014-02-27 14:43:10 +0000},
	Date-Modified = {2014-02-27 14:44:54 +0000},
	Editor = {Gabriele Bindel-K{\"o}gel and Kari-Maria Karliczek},
	Editortype = {Hrsg.},
	Keywords = {StrR},
	Pages = {191--208},
	Shorttitle = {Bindel-K{\"o}gel/Karliczek (Hg.)},
	Title = {Intensivt{\"a}ter im Spannungsfeld zwischen Politik und Medien},
	Year = {2009}}

@book{krim_schwind,
	Address = {Heidelberg},
	Author = {Hans-Dieter Schwind},
	Date-Added = {2014-02-27 14:36:21 +0000},
	Date-Modified = {2014-02-27 14:36:45 +0000},
	Keywords = {StrR},
	Title = {Kriminologie},
	Year = {2013}}

@book{b53,
	Address = {Frankfurt~a.\,M.},
	Author = {Bettina Schwacke},
	Date-Added = {2014-02-27 13:14:11 +0000},
	Date-Modified = {2014-02-27 13:14:48 +0000},
	Keywords = {StrR},
	Title = {Kriminalit{\"a}tsdarstellung in der Presse},
	Year = {1983}}

@article{b20,
	Author = {Sabine R{\"u}ckert},
	Date-Added = {2014-02-27 09:21:41 +0000},
	Date-Modified = {2014-02-27 09:22:14 +0000},
	Gender = {sm},
	Journal = {StV},
	Keywords = {StrR},
	Pages = {378--381},
	Title = {Der Gerichtsreporter - Chronist oder W{\"a}chter?},
	Year = {2012}}

@book{b52,
	Address = {M{\"u}nchen},
	Author = {Sabine Gerasch},
	Date-Added = {2014-02-27 09:10:48 +0000},
	Date-Modified = {2014-02-27 09:11:40 +0000},
	Keywords = {StrR},
	Title = {Proze{\ss}wirklichkeit und Gerichtsberichterstattung},
	Year = {1995}}

@commented{stgb_lk:331-358,
	Address = {Berlin},
	Date-Added = {2014-02-26 15:48:17 +0000},
	Date-Modified = {2014-02-26 15:50:04 +0000},
	Edition = {12.},
	Editor = {Heinrich Wilhelm Laufh{\"u}tte and Ruth Rissing-van Saan and Klaus Tiedemann},
	Editortype = {Hrsg.},
	Howcited = {1},
	Keywords = {StrR},
	Shortauthor = {LK},
	Title = {Leipziger Kommentar zum Strafgesetzbuch -- Band 13 {\S}{\S}\,331--358},
	Year = {2009}}

@article{b51,
	Author = {Wolfgang Wohlers},
	Date-Added = {2014-02-26 14:45:52 +0000},
	Date-Modified = {2014-02-26 14:46:31 +0000},
	Journal = {StV},
	Keywords = {StrR},
	Pages = {186--192},
	Title = {Prozessuale Konsequenzen pr{\"a}judizierender Medienberichterstattung},
	Year = {2005}}

@commented{urhg_beckok,
	Address = {M{\"u}nchen},
	Date-Added = {2014-02-26 13:46:42 +0000},
	Date-Modified = {2014-02-26 13:47:48 +0000},
	Edition = {3.},
	Editor = {Hartwig Ahlberg and Horst-Peter G{\"o}tting},
	Editortype = {Hrsg.},
	Howcited = {1},
	Keywords = {StrR},
	Shortauthor = {BeckOK-UrhG},
	Title = {Beck'scher Online-Kommentar Urheberrecht},
	Year = {01.09.2013}}

@book{medien_damm-rehbock-smid,
	Address = {M{\"u}nchen},
	Author = {Renate Damm and Klaus Rehbock and J{\"o}rg F. Smid},
	Date-Added = {2014-02-26 13:03:27 +0000},
	Date-Modified = {2014-02-26 13:04:27 +0000},
	Edition = {3.},
	Keywords = {StrR},
	Title = {Widerruf, Unterlassung und Schadensersatz in den Medien},
	Year = {2008}}

@periodical{b48,
	Author = {Carl-Friedrich Stuckenberg},
	Date-Added = {2014-02-26 12:33:25 +0000},
	Date-Modified = {2014-02-26 12:39:37 +0000},
	Journal = {ZStW},
	Keywords = {StrR},
	Pages = {422--460},
	Title = {Die normative Aussage der Unschuldsvermutung},
	Volume = {111},
	Year = {1999}}

@commented{stpo_loewe-rosenberg:emrk,
	Address = {K{\"o}ln},
	Date-Added = {2014-02-26 12:28:44 +0000},
	Date-Modified = {2014-03-12 07:28:48 +0000},
	Edition = {26.},
	Editor = {Volker Erb and Robert Eser and Ulrich Franke and Kirsten Graalmann-Scheerer and Hans Hilger and Alexander Ignor},
	Editortype = {Hrsg.},
	Howcited = {1},
	Keywords = {StrR},
	Shortauthor = {L{\"o}we-Rosenberg},
	Title = {L{\"o}we-Rosenberg. Die Strafprozessordnung und das Gerichtsverfassungsgesetz. Band XI -- EMRK; IPBPR},
	Year = {2012}}

@commented{strvert_widmaier,
	Address = {M{\"u}nchen},
	Date-Added = {2014-02-26 10:24:27 +0000},
	Date-Modified = {2014-02-26 12:36:44 +0000},
	Editor = {Gunter Widmaier},
	Editortype = {Hrsg.},
	Howcited = {1},
	Keywords = {StrR},
	Shortauthor = {Widmaier},
	Shorttitle = {Hdb. Strafverteidigung},
	Title = {M{\"u}nchener Anwaltshandbuch Strafverteidigung},
	Year = {2006}}

@commented{urhg_wandtke-bullinger,
	Address = {M{\"u}nchen},
	Date-Added = {2014-02-26 10:14:36 +0000},
	Date-Modified = {2014-02-26 10:15:54 +0000},
	Edition = {3.},
	Editor = {Arthur-Axel Wandtke and Winfried Bullinger},
	Editortype = {Hrsg.},
	Howcited = {1},
	Keywords = {StrR},
	Shortauthor = {Wandtke/Bullinger},
	Title = {Praxiskommentar zum Urheberrecht},
	Year = {2009}}

@commented{gg_dreier,
	Address = {T{\"u}bingen},
	Date-Added = {2014-02-26 10:07:03 +0000},
	Date-Modified = {2014-02-26 10:08:19 +0000},
	Edition = {3.},
	Editor = {Horst Dreier},
	Editortype = {Hrsg.},
	Howcited = {1},
	Keywords = {StrR},
	Shortauthor = {Dreier Bd. I},
	Title = {Grundgesetz Kommentar. Band I -- Pr{\"a}ambel, Artikel 1--19},
	Year = {2013}}

@incollection{b50,
	Address = {Heidelberg},
	Author = {Karl Heinz G{\"o}ssel},
	Booktitle = {Kriminalberichterstattung in der Tagespresse},
	Date-Added = {2014-02-26 09:49:15 +0000},
	Date-Modified = {2014-02-26 09:49:53 +0000},
	Editor = {Dieter D{\"o}lling and Karl Heinz G{\"o}ssel and Stanis{\l}aw Walto{\'s}},
	Editortype = {Hrsg.},
	Keywords = {StrR},
	Pages = {1--18},
	Shorttitle = {D{\"o}lling/G{\"o}ssel/Walto{\'s}},
	Title = {Rechtsprobleme der Gerichtsberichterstattung in Deutschland},
	Year = {1998}}

@commented{grundr_merten-papier:bd4,
	Address = {Heidelberg},
	Date-Added = {2014-02-26 09:00:36 +0000},
	Date-Modified = {2014-02-26 09:06:30 +0000},
	Editor = {Detlef Merten and Hans-J{\"u}rgen Papier},
	Editortype = {Hrsg.},
	Howcited = {1},
	Keywords = {StrR},
	Shortauthor = {Hdb. der Grundrechte Bd. IV},
	Title = {Handbuch der Grundrechte in Deutschland und Europa. Band IV -- Grundrechte in Deutschland: Einzelgrundrechte I},
	Year = {2011}}

@book{medien_kuebler,
	Address = {Heidelberg},
	Author = {Friedrich K{\"u}bler},
	Date-Added = {2014-02-26 08:59:42 +0000},
	Date-Modified = {2014-02-26 09:00:26 +0000},
	Keywords = {StrR},
	Title = {Medien, Menschenrechte und Demokratie. Das Recht der Massenkommunikation},
	Year = {2008}}

@book{gerverfr_schilken,
	Address = {K{\"o}ln},
	Author = {Eberhard Schilken},
	Date-Added = {2014-02-26 07:47:55 +0000},
	Date-Modified = {2014-02-26 07:48:41 +0000},
	Edition = {4.},
	Keywords = {StrR},
	Title = {Gerichtsverfassungsrecht},
	Year = {2007}}

@article{b37,
	Author = {Gunter Widmaier},
	Date-Added = {2014-02-25 13:20:28 +0000},
	Date-Modified = {2014-02-25 13:21:03 +0000},
	Gender = {sm},
	Journal = {NJW},
	Keywords = {StrR},
	Pages = {399--403},
	Title = {Gerechtigkeit -- Aufgabe von Justiz und Medien?},
	Year = {2004}}

@incollection{b28,
	Address = {K{\"o}ln},
	Author = {Friedrich Geerds},
	Booktitle = {Festschrift f{\"u}r Dietrich Oehler zum 70. Geburtstag},
	Date-Added = {2014-02-25 13:17:22 +0000},
	Date-Modified = {2014-02-25 13:19:51 +0000},
	Editor = {Rolf Dietrich Herzberg},
	Editortype = {Hrsg.},
	Gender = {sm},
	Keywords = {StrR},
	Pages = {423--446},
	Shorttitle = {FS-Oehler},
	Title = {Berichterstattung {\"u}ber Strafsachen},
	Year = {1985}}

@article{b47,
	Author = {Klaus Wallbaum},
	Date-Added = {2014-02-25 12:40:36 +0000},
	Date-Modified = {2014-02-25 12:46:26 +0000},
	Journal = {HAZ},
	Keywords = {StrR},
	Pages = {1},
	Title = {Die Pr{\"u}gelknaben. Staatsanw{\"a}lte am Pranger},
	Year = {25.02.2014}}

@book{str_roxin:at,
	Address = {M{\"u}nchen},
	Author = {Roxin, Claus},
	Date-Added = {2014-02-24 15:13:13 +0000},
	Date-Modified = {2014-02-24 15:13:55 +0000},
	Edition = {4.},
	Keywords = {StrR},
	Shorttitle = {AT~I},
	Title = {Strafrecht Allgemeiner Teil~I. Grundlagen. Der Aufbau der Verbrechenslehre},
	Year = {2006}}

@incollection{b29,
	Address = {M{\"u}nchen},
	Author = {Roxin, Claus},
	Booktitle = {Einheit und Vielfalt der Rechtsordnung. Festschrift zum 30j{\"a}hrigen Bestehen der M{\"u}nchener Juristischen Gesellschaft},
	Date-Added = {2014-02-24 10:55:50 +0000},
	Date-Modified = {2014-02-24 10:59:26 +0000},
	Gender = {sm},
	Keywords = {StrR},
	Pages = {97--110},
	Shorttitle = {Einheit und Vielfalt der Rechtsordnung},
	Title = {Strafprozess und Medien},
	Year = {1996}}

@book{strpr_kuehne,
	Address = {Heidelberg},
	Author = {Hans-Heiner K{\"u}hne},
	Date-Added = {2014-02-24 10:10:26 +0000},
	Date-Modified = {2014-02-24 10:11:06 +0000},
	Edition = {8.},
	Keywords = {StrR},
	Title = {Strafprozessrecht},
	Year = {2012}}

@commented{stpo_loewe-rosenberg:gvg,
	Address = {K{\"o}ln},
	Date-Added = {2014-02-24 09:43:58 +0000},
	Date-Modified = {2014-03-12 07:28:31 +0000},
	Edition = {26.},
	Editor = {Volker Erb and Robert Eser and Ulrich Franke and Kirsten Graalmann-Scheerer and Hans Hilger and Alexander Ignor},
	Editortype = {Hrsg.},
	Howcited = {1},
	Keywords = {StrR},
	Shortauthor = {L{\"o}we-Rosenberg},
	Title = {L{\"o}we-Rosenberg. Die Strafprozessordnung und das Gerichtsverfassungsgesetz. Band X -- GVG; EGGVG},
	Year = {2010}}

@incollection{b45,
	Address = {Berlin},
	Author = {Heike Jung},
	Booktitle = {Ged{\"a}chtnisschrift f{\"u}r Hilde Kaufmann},
	Date-Added = {2014-02-24 09:39:55 +0000},
	Date-Modified = {2014-02-24 09:42:12 +0000},
	Editor = {Hans Joachim Hirsch and G{\"u}nther Kaiser and Helmut Marquardt},
	Editortype = {Hrsg.},
	Keywords = {StrR},
	Pages = {891--912},
	Shorttitle = {GS-Kaufmann},
	Title = {{\"O}ffentlichkeit -- Niedergang eines Verfahrensgrundsatzes?},
	Year = {1986}}

@commented{stpo_karlsruhe,
	Address = {M{\"u}nchen},
	Date-Added = {2014-02-24 09:18:18 +0000},
	Date-Modified = {2014-02-24 09:22:22 +0000},
	Edition = {7.},
	Editor = {Rolf Hannich},
	Editortype = {Hrsg.},
	Howcited = {1},
	Keywords = {StrR},
	Shortauthor = {KK},
	Title = {Karlsruher Kommentar zur Strafprozessordnung},
	Year = {2013}}

@book{strpr_roxin_schuenemann,
	Address = {M{\"u}nchen},
	Author = {Roxin, Claus and Bernd Sch{\"u}nemann},
	Date-Added = {2014-02-24 09:11:18 +0000},
	Date-Modified = {2014-02-24 09:12:04 +0000},
	Edition = {27.},
	Keywords = {StrR},
	Title = {Strafverfahrensrecht},
	Year = {2012}}

@commented{stpo_kmr:226-294,
	Address = {K{\"o}ln},
	Date-Added = {2014-02-24 09:01:08 +0000},
	Date-Modified = {2014-03-13 17:08:11 +0000},
	Editor = {Theodor Kleinknecht and Hermann M{\"u}ller and Leonhard Reitberger},
	Editortype = {Hrsg.},
	Howcited = {1},
	Keywords = {StrR},
	Shortauthor = {KMR},
	Title = {Kommentar zur Strafprozessordnung. Band 4 -- {\S}{\S}~226--295},
	Year = {2011}}

@commented{stpo_sk,
	Address = {K{\"o}ln},
	Date-Added = {2014-02-24 08:59:12 +0000},
	Date-Modified = {2014-03-11 15:06:57 +0000},
	Edition = {4.},
	Editor = {J{\"u}rgen Wolter},
	Editortype = {Hrsg.},
	Howcited = {1},
	Keywords = {StrR},
	Shortauthor = {SK-StPO},
	Title = {Systematischer Kommentar zur Strafprozessordnung.},
	Year = {2013}}

@commented{stpo_meyergossner,
	Address = {M{\"u}nchen},
	Author = {Lutz Meyer-Go{\ss}ner},
	Date-Added = {2014-02-24 08:59:05 +0000},
	Date-Modified = {2014-02-24 08:59:05 +0000},
	Edition = {56.},
	Keywords = {StrR},
	Title = {Strafprozessordnung: StPO},
	Year = {2013}}

@book{g61,
	Address = {Wiesbaden},
	Author = {Constanze Rossmann},
	Date-Added = {2014-02-22 11:44:37 +0000},
	Date-Modified = {2014-02-22 11:45:28 +0000},
	Keywords = {StrR},
	Title = {Fiktion Wirklichkeit. Ein Modell der Informationsverarbeitung im Kultivierungsprozess},
	Year = {2008}}

@incollection{g60,
	Address = {Wiesbaden},
	Author = {Wolfgang Schweiger},
	Booktitle = {Handbuch Medienwirkungsforschung},
	Date-Added = {2014-02-22 11:28:59 +0000},
	Date-Modified = {2014-02-22 11:30:53 +0000},
	Editor = {Wolfgang Schweiger and Andreas Fahr},
	Editortype = {Hrsg.},
	Gender = {pm},
	Keywords = {StrR},
	Pages = {15--38},
	Shorttitle = {Schweiger/Fahr (Hg.)},
	Title = {Grundlagen: Was sind Medienwirkungen? -- {\"U}berblick und Systematik},
	Year = {2013}}

@book{g59,
	Address = {Konstanz},
	Author = {Hein Bonfadelli and Thomas N. Friemel},
	Date-Added = {2014-02-22 10:48:33 +0000},
	Date-Modified = {2014-02-22 10:49:10 +0000},
	Edition = {4.},
	Keywords = {StrR},
	Title = {Medienwirkungsforschung},
	Year = {2011}}

@book{g57,
	Address = {Bern},
	Date-Added = {2014-02-22 10:14:38 +0000},
	Date-Modified = {2014-02-22 10:14:38 +0000},
	Edition = {3.},
	Editor = {Hein Bonfadelli and Otfried Jarren and Gabriele Siegert},
	Editortype = {Hrsg.},
	Keywords = {StrR},
	Title = {Einf{\"u}hrung in die Publizistikwissenschaft},
	Year = {2010}}

@book{g58,
	Address = {Berlin},
	Author = {Klaus Merten},
	Date-Added = {2014-02-22 10:01:51 +0000},
	Date-Modified = {2014-02-22 10:15:26 +0000},
	Edition = {3.},
	Keywords = {StrR},
	Title = {Einf{\"u}hrung in die Kommunikationswissenschaft},
	Year = {2007}}

@periodical{g56,
	Author = {Steven A. Kohm},
	Date-Added = {2014-02-22 10:01:46 +0000},
	Date-Modified = {2014-03-13 17:09:29 +0000},
	Gender = {sm},
	Journal = {Law And Society Review},
	Keywords = {StrR},
	Pages = {693--727},
	Title = {The People's Law versus Judge Judy Justice: Two Models of Law in American Reality-Based Courtroom TV},
	Volume = {40},
	Year = {2006}}

@article{f09,
	Author = {George Gerbner and Larry Gross},
	Date-Added = {2014-02-21 08:40:25 +0000},
	Date-Modified = {2014-02-21 08:40:25 +0000},
	Gender = {sm},
	Journal = {Journal Of Communication},
	Keywords = {StrR},
	Pages = {172--199},
	Title = {Living With Television: The Violence Profile},
	Year = {1976}}

@article{g55,
	Author = {Victoria S. Salzmann and Philip T. Dunwoody},
	Date-Added = {2014-02-21 08:28:35 +0000},
	Date-Modified = {2014-02-21 08:30:58 +0000},
	Gender = {sm},
	Journal = {SMU Law Review},
	Keywords = {StrR},
	Pages = {411--462},
	Title = {Prime-Time Lies: Do Lawyer Portrayals Influence How People Think About the Legal Profession?},
	Year = {2005}}

@article{g54,
	Author = {Stewart Macaulay},
	Date-Added = {2014-02-20 10:10:56 +0000},
	Date-Modified = {2014-02-20 10:12:42 +0000},
	Gender = {sm},
	Journal = {Law And Society Review},
	Keywords = {StrR},
	Pages = {185--218},
	Title = {Images Of Law In Everyday Life: The Lessons Of School, Entertainment, And Spectator Sports},
	Volume = {21},
	Year = {1987}}

@book{g53,
	Address = {Mainz},
	Date-Added = {2014-02-19 16:01:23 +0000},
	Date-Modified = {2014-02-19 16:02:35 +0000},
	Editor = {ZDF},
	Editortype = {Hrsg.},
	Keywords = {StrR},
	Title = {ZDF Jahrbuch 1999},
	Year = {1999}}

@commented{zpo_baumbach,
	Address = {M{\"u}nchen},
	Date-Added = {2014-02-19 13:28:42 +0000},
	Date-Modified = {2014-03-13 16:57:53 +0000},
	Edition = {72.},
	Editor = {Adolf Baumbach and Wolfgang Lauterbach and Jan Albers and Peter Hartmann},
	Editortype = {Hrsg.},
	Howcited = {1},
	Keywords = {StrR},
	Shorttitle = {ZPO},
	Title = {Zivilprozessordnung},
	Year = {2014}}

@book{g52,
	Address = {T{\"u}bingen},
	Author = {Christian von Coelln},
	Date-Added = {2014-02-19 13:20:26 +0000},
	Date-Modified = {2014-02-19 13:21:01 +0000},
	Keywords = {StrR},
	Title = {Zur Medien{\"o}ffentlichkeit der Dritten Gewalt},
	Year = {2005}}

@incollection{g50,
	Address = {Konstanz},
	Author = {Lothar Mikos},
	Booktitle = {Im Namen des Fernsehvolkes},
	Date-Added = {2014-02-19 12:46:32 +0000},
	Date-Modified = {2014-02-19 12:46:32 +0000},
	Editor = {Katrin D{\"o}veling and Lothar Mikos and J{\"o}rg-Uwe Nieland},
	Editortype = {Hrsg.},
	Gender = {sm},
	Keywords = {StrR},
	Pages = {19--32},
	Shorttitle = {D{\"o}veling/Mikos/Nieland (Hg.)},
	Title = {Unterhaltung am Nachmitag: Vom Daily Talk zur Gerichtsshow},
	Year = {2007}}

@incollection{g51,
	Address = {Opladen},
	Author = {Christian Bu{\ss} and Larina Fuhlbr{\"u}gge and Holger in 't Veld and John Sch{\"a}fer},
	Booktitle = {Programmprofile kommerzieller Anbieter},
	Date-Added = {2014-02-19 12:37:37 +0000},
	Date-Modified = {2014-02-19 12:48:49 +0000},
	Editor = {Joan Kristin Bleicher},
	Editortype = {Hrsg.},
	Gender = {sm},
	Keywords = {StrR},
	Pages = {79--111},
	Shorttitle = {Bleicher (Hg.)},
	Title = {Entstehung und Entwicklung des Senders SAT.1 von 1984 bis 1994},
	Year = {1997}}

@periodical{g48,
	Author = {Kimberlianne Podlas},
	Date-Added = {2014-02-19 09:49:27 +0000},
	Date-Modified = {2014-03-13 17:14:03 +0000},
	Gender = {sf},
	Journal = {Journal Of Law And Business},
	Keywords = {StrR},
	Pages = {1--20},
	Title = {Is Syndi-Court Creating A Nation Of Pro Se Litigants: An Empirical Analysis},
	Volume = {7},
	Year = {2000}}

@periodical{g49,
	Author = {Kimberlianne Podlas},
	Date-Added = {2014-02-19 09:32:41 +0000},
	Date-Modified = {2014-03-13 17:13:57 +0000},
	Gender = {sf},
	Journal = {Jeffrey S. Moorad Sports Law Journal},
	Keywords = {StrR},
	Pages = {1--48},
	Title = {As Seen on TV: The Normative Influence of Syndi-Court on Contemporary Litigiousness},
	Volume = {11},
	Year = {2004}}

@article{g46,
	Author = {Stefan Machura and Michael Asimow},
	Date-Added = {2014-02-19 08:49:59 +0000},
	Date-Modified = {2014-03-13 17:12:13 +0000},
	Gender = {pm},
	Journal = {ZfRSoz},
	Keywords = {StrR},
	Pages = {3--33},
	Title = {Das Ansehen von Anw{\"a}lten bei Jurastudenten: Einfl{\"u}sse von sozialem Hintergrund, Anwaltsfilmen und TV-Anwaltsserien},
	Year = {2004}}

@periodical{g47,
	Author = {Kimberlianne Podlas},
	Date-Added = {2014-02-18 13:58:40 +0000},
	Date-Modified = {2014-03-13 17:14:09 +0000},
	Gender = {sf},
	Journal = {Texas Wesleyan Law Review},
	Keywords = {StrR},
	Pages = {31--62},
	Title = {The Tale Television Tells: Understanding The Nomos Through Television},
	Volume = {13},
	Year = {2006}}

@book{soz_blankenburg,
	Address = {Berlin},
	Author = {Erhard Blankenburg},
	Date-Added = {2014-02-18 09:43:03 +0000},
	Date-Modified = {2014-03-03 10:01:12 +0000},
	Keywords = {StrR},
	Title = {Mobilisierung des Rechts},
	Year = {1996}}

@book{soz_baer,
	Address = {Baden-Baden},
	Author = {Susanne Baer},
	Date-Added = {2014-02-18 08:47:32 +0000},
	Date-Modified = {2014-03-06 13:39:51 +0000},
	Gender = {sf},
	Keywords = {StrR},
	Title = {Rechtssoziologie},
	Year = {2011}}

@incollection{g44,
	Address = {Wiesbaden},
	Author = {Hans J{\"u}rgen Wulff and Ingo Lehmann},
	Booktitle = {Handbuch Medienp{\"a}dagogik},
	Date-Added = {2014-02-18 08:39:07 +0000},
	Date-Modified = {2014-02-18 08:39:07 +0000},
	Editor = {Uwe Sander and Friederike von Gross and Kai-Uwe Hugger},
	Editortype = {Hrsg.},
	Gender = {sm},
	Keywords = {StrR},
	Pages = {274--277},
	Shorttitle = {Medienp{\"a}dagogik},
	Title = {Kultivierungshypothese (Cultivation Hypothesis)},
	Year = {2008}}

@article{f08,
	Author = {Helena Bilandzic},
	Date-Added = {2014-02-17 16:43:08 +0000},
	Date-Modified = {2014-02-21 09:11:50 +0000},
	Gender = {sm},
	Journal = {Zeitschrift f{\"u}r Medienpsychologie},
	Keywords = {StrR},
	Pages = {60--68},
	Title = {Genrespezifische Kultivierung durch Krimirezeption},
	Volume = {14},
	Year = {2002}}

@incollection{f10,
	Author = {George Gerbner and Larry Gross and Michael Morgan and Nancy Signorielli},
	Booktitle = {In Perspectives of Media Effects},
	Date-Added = {2014-02-17 16:42:02 +0000},
	Date-Modified = {2014-02-22 11:48:24 +0000},
	Editor = {Jennings Bryant and Dolf Zillmann},
	Editortype = {Hrsg.},
	Gender = {sm},
	Keywords = {StrR},
	Pages = {17--40},
	Shorttitle = {Bryant/Zillmann (Hg.)},
	Title = {Living With Television: The Dynamics of the Cultivation Process},
	Year = {1986}}

@periodical{f01,
	Author = {Stefan Machura and Stefan Ulbrich},
	Date-Added = {2014-02-17 14:11:39 +0000},
	Date-Modified = {2014-03-13 17:12:57 +0000},
	Gender = {pm},
	Journal = {Journal Of Law And Society},
	Keywords = {StrR},
	Number = {1},
	Pages = {117---132},
	Title = {Law in Film: Globalizing the Hollywood Courtroom Drama},
	Volume = {28},
	Year = {2001}}

@book{f07,
	Address = {Regensburg},
	Author = {Petra Wolf},
	Date-Added = {2014-02-17 10:14:12 +0000},
	Date-Modified = {2014-02-17 10:15:07 +0000},
	Gender = {sm},
	Keywords = {StrR},
	Title = {Was wissen Kinder und Jugendliche {\"u}ber Gerichtsverhandlungen?},
	Year = {1997}}

@incollection{g45,
	Address = {Baden-Baden},
	Author = {Klaus F. R{\"o}hl},
	Booktitle = {Globalisierung des Rechts},
	Date-Added = {2014-02-14 09:03:43 +0000},
	Date-Modified = {2014-02-18 08:40:20 +0000},
	Editor = {R{\"u}diger Voigt},
	Editortype = {Hrsg.},
	Gender = {sm},
	Keywords = {StrR},
	Pages = {93--114},
	Shorttitle = {Voigt (Hg.)},
	Title = {Das Recht im Zeichen der Globalisierung der Medien},
	Year = {1999/2000}}

@book{g43,
	Address = {Kiel},
	Author = {Bernd Schorb and Karin Echtermeyer and Achim Lauber and Susanne Eggert},
	Date-Added = {2014-02-13 13:16:10 +0000},
	Date-Modified = {2014-02-13 13:17:34 +0000},
	Keywords = {StrR},
	Title = {Was guckst du, was denkst du? Der Einfluss des Fernsehens auf das Ausl{\"a}nderbild von Kindern im Alter von 9 bis 14 Jahren},
	Url = {http://www.ma-hsh.de/cms/upload/downloads/schriftreihen/band22.pdf},
	Urldate = {13.02.2014},
	Year = {2000}}

@article{b34,
	Author = {Rudolf Gerhardt and Giesela Friedrichsen},
	Date-Added = {2014-02-13 09:42:10 +0000},
	Date-Modified = {2014-02-20 07:35:13 +0000},
	Journal = {ZRP},
	Keywords = {StrR},
	Pages = {133--134},
	Title = {Kritische Anmerkungen zur Justizkritik. \frq Urteile werden heute nicht nur im Gerichtssaal gesprochen, sondern lange zuvor auch in der {\"O}ffentlichkeit\flq},
	Year = {2007}}

@article{g06,
	Author = {Eric Stahl},
	Date-Added = {2014-02-13 08:29:40 +0000},
	Date-Modified = {2014-02-14 13:29:52 +0000},
	Journal = {TV Today},
	Keywords = {StrR},
	Title = {Vier von zehn Deutschen sehen Gerichts-Shows},
	Url = {http://www.guj.de/presse/pressemitteilungen/vier-von-zehn-deutschen-sehen-gerichts-shows/},
	Urldate = {13.2.2014},
	Year = {03.10.2002}}

@article{g41,
	Author = {Anke Bergmann and Joachim von Gottberg and Jenny Schneider},
	Date-Added = {2014-02-13 08:16:39 +0000},
	Date-Modified = {2014-02-13 08:16:39 +0000},
	Keywords = {StrR},
	Shorttitle = {fsf},
	Title = {Scripted Reality auf dem Pr{\"u}fstand. Teil 1: Scripted Reality im Spiegel einer exemplarischen Inhaltsanalyse},
	Url = {http://fsf.de/data/user/Dokumente/Downloads/FSF_SR_studie_teil1.pdf},
	Urldate = {13.02.2014},
	Year = {17.09.2000}}

@article{g40,
	Author = {Peter Hossil},
	Date-Added = {2014-02-13 07:41:25 +0000},
	Date-Modified = {2014-02-13 07:41:25 +0000},
	Journal = {SonntagsZeitung},
	Keywords = {StrR},
	Title = {Ich erdolchte ihn, {\"o}ffnete die T{\"u}r und ging},
	Year = {17.09.2000}}

@article{g42,
	Author = {Ralf Lienert},
	Date-Added = {2014-02-12 14:12:09 +0000},
	Date-Modified = {2014-02-13 08:19:44 +0000},
	Journal = {Augsburger Allgemeine},
	Keywords = {StrR},
	Title = {Richter Alexander Hold hat den Sitzungssaal verlassen},
	Url = {http://augsburger-allgemeine.de/panorama/Richter-Alexander-Hold-hat-den-Sitzungssaal-verlassen-id24079051.html},
	Urldate = {13.02.2014},
	Year = {15.02.2013}}

@article{f06,
	Author = {Stefan Machura and Stefan Ulbrich},
	Date-Added = {2014-02-11 13:10:06 +0000},
	Date-Modified = {2014-02-11 13:14:03 +0000},
	Gender = {sm},
	Journal = {ZfRSoz},
	Keywords = {StrR},
	Pages = {168--182},
	Title = {Recht im Film: Abbild juristischer Wirklichkeit oder filmische Selbstreferenz?},
	Year = {1999}}

@article{f04,
	Author = {Stefan Machura},
	Date-Added = {2014-02-11 13:08:54 +0000},
	Date-Modified = {2014-02-11 13:10:04 +0000},
	Gender = {sm},
	Journal = {Richter ohne Robe},
	Keywords = {StrR},
	Pages = {39--42},
	Title = {Rechtsfilme und Rechtsalltag},
	Year = {1998}}

@incollection{f02,
	Address = {Leipzig},
	Author = {Stefan Machura},
	Booktitle = {Entstaatlichung und soziale Sicherheit. Verhandlungen des 31. Kongresses der Deutschen Gesellschaft f{\"u}r Soziologie},
	Date-Added = {2014-02-11 13:07:05 +0000},
	Date-Modified = {2014-03-11 10:48:04 +0000},
	Editor = {Jutta Allmendinger},
	Editortype = {Hrsg.},
	Gender = {sm},
	Keywords = {StrR},
	Pages = {CD-Rom},
	Shorttitle = {Allmendinger (Hg.)},
	Title = {Dramatik in realen und fiktionalen Gerichtsprozessen},
	Year = {2002}}

@article{a07,
	Author = {Klaus F. R{\"o}hl and Stefan Ulbrich},
	Date-Added = {2014-02-11 13:05:14 +0000},
	Date-Modified = {2014-02-11 13:05:14 +0000},
	Gender = {sm},
	Journal = {ZfRSoz},
	Keywords = {StrR},
	Pages = {355--385},
	Title = {Visuelle Rechtskommunikation},
	Year = {2000}}

@article{a06,
	Author = {Wolfgang Heinz},
	Date-Added = {2014-02-11 13:04:05 +0000},
	Date-Modified = {2014-02-11 13:04:05 +0000},
	Gender = {sm},
	Keywords = {StrR},
	Title = {Der sch{\"o}ne Schein des Strafrechts},
	Url = {http://www.jura.uni-konstanz.de/index.php?eID=tx_nawsecuredl&u=0&g=0&t=1392213824&hash=6526750148d9f4484f96b3ae2ababf90b99e4945&file=uploads/media/Heinz_Schoener_Schein_StrafR.pdf},
	Urldate = {11.02.2014},
	Year = {13.1.2010}}

@book{a02,
	Address = {Opladen},
	Author = {Niklas Luhmann},
	Date-Added = {2014-02-11 12:59:22 +0000},
	Date-Modified = {2014-02-11 16:58:08 +0000},
	Edition = {2.},
	Keywords = {StrR},
	Shorttitle = {Massenmedien},
	Title = {Die Realit{\"a}t der Massenmedien},
	Year = {1996}}

@book{a01,
	Address = {New York City},
	Author = {Jerry Mander},
	Date-Added = {2014-02-11 12:46:58 +0000},
	Date-Modified = {2014-02-11 12:46:58 +0000},
	Keywords = {StrR},
	Title = {Four Arguments for the Elimination of Television},
	Year = {1978}}

@book{b36,
	Address = {Opladen},
	Author = {Hans Joachim Schneider},
	Date-Added = {2014-02-11 12:17:39 +0000},
	Date-Modified = {2014-02-28 08:33:58 +0000},
	Keywords = {StrR},
	Shorttitle = {Kriminalit{\"a}tsdarstellung im Fernsehen},
	Title = {Kriminalit{\"a}tsdarstellung im Fernsehen und kriminelle Wirklichkeit},
	Year = {1977}}

@book{b40,
	Address = {Neuwied},
	Date-Added = {2014-02-11 12:17:10 +0000},
	Date-Modified = {2014-02-11 12:18:57 +0000},
	Editor = {Rudolf Wassermann},
	Editortype = {Hrsg.},
	Keywords = {StrR},
	Title = {Justiz und Medien},
	Year = {1980}}

@book{b35,
	Address = {Berlin},
	Author = {Christine Danziger},
	Date-Added = {2014-02-11 09:47:44 +0000},
	Date-Modified = {2014-02-11 09:47:44 +0000},
	Keywords = {StrR},
	Title = {Die Medialisierung des Strafprozesses},
	Year = {2009}}

@article{b16,
	Author = {Giesela Friedrichsen},
	Date-Added = {2014-02-11 09:21:04 +0000},
	Date-Modified = {2014-03-13 17:03:40 +0000},
	Gender = {sf},
	Journal = {StV},
	Keywords = {StrR},
	Pages = {631--636},
	Title = {Strafverteidigung im Wandel},
	Year = {2012}}

@article{b14,
	Author = {Giesela Friedrichsen},
	Date-Added = {2014-02-11 09:20:01 +0000},
	Date-Modified = {2014-03-06 10:33:11 +0000},
	Gender = {sf},
	Keywords = {StrR},
	Shorttitle = {Strafjustiz und Medien},
	Title = {Strafjustiz und Medien. Vortrag im Otto Suhr-Institut der Freien Universit{\"a}t Berlin},
	Url = {http://www.osi-club.de/w/files/dokumente/120618_friedrichsen_strafjustiz_und_medien_ff.pdf},
	Urldate = {11.02.2014},
	Year = {18.06.2012}}

@article{b17,
	Author = {Marion Eckertz-H{\"o}fer},
	Date-Added = {2014-02-11 09:17:56 +0000},
	Date-Modified = {2014-02-11 09:21:53 +0000},
	Gender = {sm},
	Journal = {DVBl},
	Keywords = {StrR},
	Pages = {389--391},
	Title = {Fernseh{\"o}ffentlichkeit im Gerichtssaal},
	Year = {2012}}

@incollection{b32,
	Address = {M{\"u}nchen},
	Author = {Klaus Bresser},
	Booktitle = {Wie w{\"u}rden Sie entscheiden? Festschrift f{\"u}r Gerd Jauch},
	Date-Added = {2014-02-11 08:58:57 +0000},
	Date-Modified = {2014-02-11 08:58:57 +0000},
	Editor = {Bernhard T{\"o}pper},
	Editortype = {Hrsg.},
	Keywords = {StrR},
	Pages = {7--11},
	Shorttitle = {FS-Jauch},
	Title = {In aller {\"O}ffentlichkeit -- Was das Fernsehen f{\"u}r den Rechtsstaat leisten kann},
	Year = {1990}}

@book{b31,
	Address = {Baden-Baden},
	Author = {Frauke H{\"o}bermann},
	Date-Added = {2014-02-11 08:50:42 +0000},
	Date-Modified = {2014-02-11 08:50:42 +0000},
	Keywords = {StrR},
	Title = {Der Gerichtsbericht in der Lokalzeitung: Theorie und Alltag},
	Year = {1989}}

@book{b11,
	Address = {K{\"o}ln},
	Author = {Klaus F. R{\"o}hl},
	Date-Added = {2014-02-11 08:45:07 +0000},
	Date-Modified = {2014-02-28 15:05:50 +0000},
	Keywords = {StrR},
	Title = {Rechtssoziologie},
	Year = {1987}}

@incollection{b19,
	Address = {M{\"u}nchen},
	Author = {Winfried Hassemer},
	Booktitle = {Das moderne Strafrecht in der Mediengesellschaft},
	Date-Added = {2014-02-11 08:30:07 +0000},
	Date-Modified = {2014-02-24 15:07:21 +0000},
	Editor = {Irmgard Rode and Matthias Leipert},
	Editortype = {Hrsg.},
	Gender = {sm},
	Keywords = {StrR},
	Pages = {13--26},
	Shorttitle = {Rode/Leipert (Hg.)},
	Title = {Medien im Bundesverfassungsgericht},
	Year = {1990}}

@book{soz_raiser,
	Address = {T{\"u}bingen},
	Author = {Thomas Raiser},
	Date-Added = {2014-02-10 15:37:41 +0000},
	Date-Modified = {2014-03-03 10:01:25 +0000},
	Edition = {6.},
	Keywords = {StrR},
	Title = {Grundlagen der Rechtssoziologie},
	Year = {2013}}

@incollection{b13,
	Address = {M{\"u}nchen},
	Author = {Winfried Hassemer},
	Booktitle = {Der Einflu{\ss} der Medien auf das Strafverfahren},
	Date-Added = {2014-02-10 11:21:44 +0000},
	Date-Modified = {2014-02-24 15:07:36 +0000},
	Editor = {Dietrich Oehler},
	Editortype = {Hrsg.},
	Gender = {sm},
	Keywords = {StrR},
	Pages = {61--74},
	Shorttitle = {Oehler (Hg.)},
	Title = {Der Einflu{\ss} der Medien auf das Strafverfahren aus strafrechtlicher Sicht},
	Year = {1990}}

@article{b12,
	Author = {Ina Hunecke},
	Date-Added = {2014-02-10 08:49:15 +0000},
	Date-Modified = {2014-02-10 08:49:15 +0000},
	Gender = {sm},
	Journal = {NK},
	Keywords = {StrR},
	Pages = {85--99},
	Title = {Cui bono? Gerichtsberichterstattung und ihre Auswirkungen.},
	Year = {2011}}

@incollection{b30,
	Address = {Freiburg},
	Author = {Hans-J{\"u}rgen Kerner and Thomas Feltes},
	Booktitle = {Strafvollzug und {\"O}ffentlichkeit},
	Date-Added = {2014-02-10 08:41:08 +0000},
	Date-Modified = {2014-02-27 14:10:11 +0000},
	Editor = {Helmut Kury},
	Editortype = {Hrsg.},
	Gender = {sm},
	Keywords = {StrR},
	Pages = {73--112},
	Shorttitle = {Kury (Hg.)},
	Title = {Medien, Kriminalit{\"a}tsbild und {\"O}ffentlichkeit. Einsichten und Probleme am Beispiel einer Analyse von Tageszeitungen},
	Year = {1980}}

@book{g37,
	Address = {Chicago},
	Author = {Richard K. Sherwin},
	Date-Added = {2014-02-10 07:47:34 +0000},
	Date-Modified = {2014-02-10 07:47:34 +0000},
	Keywords = {StrR},
	Title = {When law goes pop. The vanishing line between law and popular culture},
	Year = {2000}}

@article{a04,
	Author = {Peter Mankowski},
	Date-Added = {2014-02-09 16:21:56 +0000},
	Date-Modified = {2014-02-09 16:22:49 +0000},
	Gender = {sm},
	Journal = {JZ},
	Keywords = {StrR},
	Pages = {321--331},
	Title = {Rechtskultur},
	Year = {2009}}

@book{a03,
	Address = {Wiesbaden},
	Author = {Karl-Ludwig Kunz},
	Date-Added = {2014-02-09 15:11:27 +0000},
	Date-Modified = {2014-02-11 13:00:00 +0000},
	Keywords = {StrR},
	Title = {Die wissenschaftliche Zug{\"a}nglichkeit von Kriminalit{\"a}t},
	Year = {2008}}

@incollection{g33,
	Address = {Leipzig},
	Author = {Stefan Ulbrich},
	Booktitle = {Entstaatlichung und soziale Sicherheit. Verhandlungen des 31. Kongresses der Deutschen Gesellschaft f{\"u}r Soziologie},
	Date-Added = {2014-02-09 10:41:22 +0000},
	Date-Modified = {2014-03-11 10:47:56 +0000},
	Editor = {Jutta Allmendinger},
	Editortype = {Hrsg.},
	Gender = {sm},
	Keywords = {StrR},
	Pages = {CD-Rom},
	Shorttitle = {Allmendinger (Hg.)},
	Title = {Recht und Emotion. Der Erfolg der Gerichtsshows im deutschen Fernsehen},
	Year = {2002}}

@periodical{g35,
	Author = {Kimberlianne Podlas},
	Date-Added = {2014-02-09 10:39:22 +0000},
	Date-Modified = {2014-03-13 17:14:14 +0000},
	Gender = {sf},
	Journal = {American Business Law Journal},
	Keywords = {StrR},
	Pages = {1--24},
	Title = {Please Adjust Your Signal: How Television's Syndicated Courtrooms Bias Our Juror Citizenry},
	Volume = {39},
	Year = {2001}}

@book{g34,
	Address = {Heidelberg},
	Author = {Volker Boehme-Ne{\ss}ler},
	Date-Added = {2014-02-09 10:38:28 +0000},
	Date-Modified = {2014-02-09 10:39:08 +0000},
	Keywords = {StrR},
	Title = {BilderRecht},
	Year = {2010}}

@article{g31,
	Author = {Andrzej D{\k a}browski},
	Date-Added = {2014-02-09 10:33:26 +0000},
	Date-Modified = {2014-02-09 10:35:06 +0000},
	Journal = {Lingwistyka Stosowana},
	Keywords = {StrR},
	Pages = {139--148},
	Title = {When law goes pop - teaching Legal English through TV courtroom shows},
	Url = {http://portal.uw.edu.pl/documents/7276721/11195587/LS3_2010_art_DABROWSKI.pdf},
	Urldate = {09.02.2014},
	Volume = {3},
	Year = {2010}}

@incollection{g29,
	Address = {Baden-Baden},
	Author = {Stefan Ulbrich},
	Booktitle = {Recht -- Gesellschaft -- Kommunikation. Festschrift f{\"u}r Klaus F. R{\"o}hl},
	Date-Added = {2014-02-09 09:53:12 +0000},
	Date-Modified = {2014-02-09 09:53:12 +0000},
	Editor = {Stefan Machura and Stefan Ulbrich},
	Editortype = {Hrsg.},
	Gender = {sm},
	Keywords = {StrR},
	Pages = {161--174},
	Shorttitle = {FS-R{\"o}hl},
	Title = {Gerichtsshows als mediales Format und ihre Bedeutung f{\"u}r das Recht},
	Year = {2003}}

@incollection{b33,
	Address = {Heidelberg},
	Author = {Andra Ionescu},
	Booktitle = {Kriminalberichterstattung in der Tagespresse},
	Date-Added = {2014-02-08 15:27:07 +0000},
	Date-Modified = {2014-02-11 09:01:58 +0000},
	Editor = {Dieter D{\"o}lling and Karl Heinz G{\"o}ssel and Stanis{\l}aw Walto{\'s}},
	Editortype = {Hrsg.},
	Keywords = {StrR},
	Pages = {45--87},
	Shorttitle = {D{\"o}lling/G{\"o}ssel/Walto{\'s}},
	Title = {Kriminalberichterstattung in der Tagespresse -- Ergebnisse einer Auswertung deutscher Zeitungsartikel},
	Year = {1998}}

@article{b09,
	Author = {Klaus F. R{\"o}hl},
	Date-Added = {2014-02-08 13:50:47 +0000},
	Date-Modified = {2014-03-13 17:15:37 +0000},
	Gender = {sm},
	Howcited = {1},
	Keywords = {StrR},
	Shorttitle = {Besprechung III},
	Title = {Ein starkes St{\"u}ck Kulturwissenschaft: Cornelia Vismanns Tribunalisierungsthese II},
	Url = {http://www.rsozblog.de/ein-starkes-stuck-kulturwissenschaft-cornelia-vismanns-tribunalisierungsthese-ii/},
	Urldate = {08.02.2014},
	Year = {25.11.2011}}

@article{g28,
	Author = {Urban Sandherr},
	Date-Added = {2014-02-08 13:36:54 +0000},
	Date-Modified = {2014-02-08 13:36:54 +0000},
	Journal = {DRiZ},
	Keywords = {StrR},
	Pages = {131},
	Title = {Das Ende der Gerichtsshows ist ein Gewinn f{\"u}r die Realjustiz},
	Year = {2013}}

@article{g26,
	Author = {Oliver Meier},
	Date-Added = {2014-02-08 13:35:02 +0000},
	Date-Modified = {2014-02-08 13:35:02 +0000},
	Journal = {medien heft},
	Keywords = {StrR},
	Title = {Im Namen des Publikums},
	Url = {http://www.medienheft.ch/kritik/bibliothek/k19_MeierOliver.html},
	Urldate = {09.02.2014},
	Year = {31.03.2003}}

@article{g27,
	Author = {Volker Boehme-Ne{\ss}ler},
	Date-Added = {2014-02-08 13:34:09 +0000},
	Date-Modified = {2014-02-08 13:35:39 +0000},
	Journal = {Telepolis},
	Keywords = {StrR},
	Title = {Multimedia statt Recht? Wie die elektronischen Medien das Recht ver{\"a}ndern},
	Url = {http://www.heise.de/tp/druck/mb/artikel/13/13691/1.html},
	Urldate = {09.02.2014},
	Year = {10.12.2002}}

@article{g21,
	Author = {Michael Steiner},
	Date-Added = {2014-02-08 13:32:32 +0000},
	Date-Modified = {2014-02-08 13:32:32 +0000},
	Journal = {ZRP},
	Keywords = {StrR},
	Pages = {245--247},
	Title = {Das Bild der Justiz in Gerichtsshows. Erwiderung zu Pro und Contra Gerichtsshows, ZRP 2003, 68},
	Year = {2003}}

@book{g05,
	Address = {M{\"u}nchen},
	Author = {Barbara Thym},
	Date-Added = {2014-02-08 13:31:21 +0000},
	Date-Modified = {2014-02-14 07:44:53 +0000},
	Keywords = {StrR},
	Shorttitle = {Kultivierung},
	Title = {Kultivierung durch Gerichtsshows},
	Url = {http://epub.ub.uni-muenchen.de/285/1/MA_Thym_Barbara.pdf},
	Urldate = {8.2.2014},
	Year = {2003},
	Bdsk-Url-1 = {http://epub.ub.uni-muenchen.de/285/1/MA_Thym_Barbara.pdf}}

@article{g22,
	Author = {Edwin Allgaier},
	Date-Added = {2014-02-08 13:28:04 +0000},
	Date-Modified = {2014-02-20 07:36:22 +0000},
	Journal = {ZRP},
	Keywords = {StrR},
	Pages = {212},
	Title = {Recht \frq light\flq - unter's Volk gebracht - Zum Bildungswert von Gerichtsshows},
	Year = {2004}}

@article{g25,
	Author = {Sabrina Sch{\"a}fer},
	Date-Added = {2014-02-08 13:27:21 +0000},
	Date-Modified = {2014-02-08 13:33:32 +0000},
	Journal = {TV-diskurs},
	Keywords = {StrR},
	Pages = {68--71},
	Title = {Gericht zwischen Authentizit{\"a}t und Fiktion},
	Volume = {29},
	Year = {2004}}

@article{g20,
	Author = {G{\"o}tz von Olenhusen and Robert D{\"u}bbers},
	Date-Added = {2014-02-08 13:26:48 +0000},
	Date-Modified = {2014-02-08 13:26:48 +0000},
	Journal = {ZRP},
	Keywords = {StrR},
	Pages = {217--218},
	Title = {Gerichtsshows},
	Year = {2003}}

@article{g19,
	Author = {Volker Boehme-Ne{\ss}ler},
	Date-Added = {2014-02-08 13:25:56 +0000},
	Date-Modified = {2014-02-08 13:25:56 +0000},
	Journal = {ZRP},
	Keywords = {StrR},
	Pages = {125--128},
	Title = {Recht als Theater? Auswirkungen der Fernsehkultur auf das Recht},
	Year = {2003}}

@article{g18,
	Author = {Rudolf Gerhardt and Martin W. Huff},
	Date-Added = {2014-02-08 13:25:13 +0000},
	Date-Modified = {2014-02-08 13:41:01 +0000},
	Journal = {ZRP},
	Keywords = {StrR},
	Pages = {68},
	Title = {Gerichtsshows. Pro \& Contra},
	Year = {2003}}

@article{g16,
	Author = {Thomas Hausmanninger},
	Date-Added = {2014-02-08 13:24:16 +0000},
	Date-Modified = {2014-02-08 13:24:16 +0000},
	Journal = {TV-diskurs},
	Keywords = {StrR},
	Pages = {40--45},
	Title = {Sehnsucht nach Normen? Das neue Ordnungsfernsehen der Gerichtsshows},
	Volume = {20},
	Year = {2002}}

@article{g23,
	Author = {Eva Blimlinger},
	Date-Added = {2014-02-08 13:21:49 +0000},
	Date-Modified = {2014-02-08 14:20:32 +0000},
	Journal = {juridikum},
	Keywords = {StrR},
	Pages = {6--9},
	Title = {Erheben Sie sich! -- Und geben Sie bitte den Kaugummi aus dem Mund!},
	Year = {2005/1}}

@article{g15,
	Author = {Oliver Meier},
	Date-Added = {2014-02-08 13:20:48 +0000},
	Date-Modified = {2014-02-08 13:21:36 +0000},
	Journal = {medien heft},
	Keywords = {StrR},
	Title = {Im Zweifel f{\"u}r die Quote. Eine Ph{\"a}nomenologie der TV-Justiz},
	Url = {http://www.medienheft.ch/dossier/bibliothek/d23_MeierOliver.html},
	Urldate = {09.02.2014},
	Year = {15.06.2005}}

@article{g14,
	Author = {Martin W. Huff},
	Date-Added = {2014-02-08 13:19:09 +0000},
	Date-Modified = {2014-02-08 13:19:50 +0000},
	Journal = {DRiZ},
	Keywords = {StrR},
	Pages = {361},
	Title = {Gerichtsshows: Warum sich die Justiz dagegen wehren sollte},
	Year = {2002}}

@article{g12,
	Author = {Christian Wolf},
	Date-Added = {2014-02-08 13:17:50 +0000},
	Date-Modified = {2014-02-08 13:30:35 +0000},
	Journal = {JA},
	Keywords = {StrR},
	Pages = {Editorial},
	Title = {Alexander Hold oder Landgericht Hannover},
	Year = {2010/12}}

@article{g13,
	Author = {Jens Schr{\"o}der},
	Date-Added = {2014-02-08 13:16:41 +0000},
	Date-Modified = {2014-02-08 13:18:57 +0000},
	Journal = {MEEDIA},
	Keywords = {StrR},
	Title = {Gerichtsshows: das sterbende Genre},
	Url = {http://meedia.de/2012/04/13/gerichtsshows-das-sterbende-genre/},
	Urldate = {09.02.2014},
	Year = {13.04.2012}}

@article{g10,
	Author = {Henryk M. Broder},
	Date-Added = {2014-02-08 13:14:53 +0000},
	Date-Modified = {2014-02-08 13:30:46 +0000},
	Journal = {SPIEGEL},
	Keywords = {StrR},
	Pages = {176--181},
	Title = {Die vierte Instanz},
	Year = {2002/14}}

@periodical{g11,
	Author = {Hartmut Kistenfeger and Iris R{\"o}ll},
	Date-Added = {2014-02-08 13:13:46 +0000},
	Date-Modified = {2014-03-13 17:08:50 +0000},
	Journal = {FOCUS Magazin},
	Keywords = {StrR},
	Title = {\frq Br{\"u}llen, kratzen und schlagen\flq},
	Url = {http://www.focus.de/kultur/medien/streitgespraech-bruellen-kratzen-und-schlagen_aid_197659.html},
	Urldate = {07.02.2014},
	Volume = {17},
	Year = {2003}}

@article{g08,
	Author = {Martin Rath},
	Date-Added = {2014-02-08 13:07:34 +0000},
	Date-Modified = {2014-02-08 13:09:12 +0000},
	Journal = {Legal Tribune Online},
	Keywords = {StrR},
	Title = {Griff ins Justizklo},
	Url = {http://www.lto.de/recht/feuilleton/f/barbara-salesch-und-co-auslaufmodell- gerichtsshows-der-griff-ins-juristische-klo/},
	Urldate = {8.2.2014},
	Year = {27.05.2012}}

@article{g09,
	Address = {M{\"u}nchen},
	Author = {Haldenwang, Vera},
	Date-Added = {2014-02-08 13:06:34 +0000},
	Date-Modified = {2014-02-08 13:13:32 +0000},
	Keywords = {StrR},
	Publisher = {Staatsinstitut f{\"u}r Schulqualit{\"a}t und Bildungsforschung},
	Title = {Gerichtsshows: Realit{\"a}tsn{\"a}he oder -ferne?},
	Url = {http://euss.by.lo-net2.de/info/.ws_gen/2/Gerichtsshows.pdf},
	Urldate = {6.2.2014},
	Year = {27.05.2012}}

@book{g24,
	Address = {Potsdam},
	Author = {Jana Scheerer},
	Date-Added = {2014-02-08 13:05:08 +0000},
	Date-Modified = {2014-02-08 13:32:22 +0000},
	Keywords = {StrR},
	Title = {Die Gerichtsshow als kommunikative Gattung. Eine konversationsanalytische Untersuchung am Beispiel der Sendungen „Richter Alexander Hold``, „Richterin Barbara Salesch`` und „Das Strafgericht``},
	Url = {http://opus.kobv.de/ubp/volltexte/2007/1475/},
	Urldate = {8.2.2014},
	Year = {2007},
	Bdsk-Url-1 = {http://epub.ub.uni-muenchen.de/285/1/MA_Thym_Barbara.pdf}}

@article{b10,
	Author = {Klaus F. R{\"o}hl},
	Date-Added = {2014-02-08 11:27:03 +0000},
	Date-Modified = {2014-02-20 07:35:51 +0000},
	Gender = {sm},
	Keywords = {StrR},
	Title = {Cornelia Vismann {\"u}ber das \frq Cine-Gericht\flq},
	Url = {http://recht-anschaulich.lookingintomedia.com/?p=1582},
	Urldate = {10.2.2014},
	Year = {21.11.2011}}

@article{b07,
	Author = {Klaus F. R{\"o}hl},
	Date-Added = {2014-02-08 11:26:21 +0000},
	Date-Modified = {2014-03-13 17:15:31 +0000},
	Gender = {sm},
	Howcited = {1},
	Keywords = {StrR},
	Shorttitle = {Besprechung I},
	Title = {Ein starkes St{\"u}ck Kulturwissenschaft: Cornelia Vismann, Medien der Rechtsprechung},
	Url = {http://www.rsozblog.de/ein-starkes-stuck-kulturwissenschaft-cornelia-vismann-medien-der-rechtsprechung/},
	Urldate = {08.02.2014},
	Year = {14.11.2011}}

@article{r02,
	Author = {Presserat},
	Date-Added = {2014-02-08 10:56:55 +0000},
	Date-Modified = {2014-02-08 10:58:55 +0000},
	Gender = {sm},
	Keywords = {StrR},
	Title = {Publizistische Grunds{\"a}tze (Pressekodex)},
	Url = {http://www.presserat.info/uploads/media/Pressekodex_aktuell_01.pdf},
	Urldate = {8.2.2014},
	Year = {16.06.2011},
	Bdsk-Url-1 = {http://www.presserat.info/uploads/media/Pressekodex_aktuell_01.pdf}}

@article{g07,
	Author = {Claudia Fudeus},
	Date-Added = {2014-02-08 10:40:55 +0000},
	Date-Modified = {2014-03-13 17:02:11 +0000},
	Journal = {Stern},
	Keywords = {StrR},
	Title = {Recht, und billig},
	Url = {http://www.stern.de/kultur/film/gerichtsshows-recht-und-billig-518685.html},
	Urldate = {08.02.2014},
	Year = {12.01.2004}}

@article{g02,
	Author = {Nikolaus von Festenberg and Dietmar Hipp},
	Date-Added = {2014-02-08 10:38:56 +0000},
	Date-Modified = {2014-02-20 07:34:26 +0000},
	Journal = {SPIEGEL},
	Keywords = {StrR},
	Pages = {188--189},
	Title = {\frq Das ist emotionales Theater\flq},
	Year = {2002/42}}

@article{g01,
	Author = {Kurt Sagatz},
	Date-Added = {2014-02-08 10:37:20 +0000},
	Date-Modified = {2014-02-08 10:37:20 +0000},
	Journal = {Tagesspiegel},
	Keywords = {StrR},
	Pages = {744--746},
	Title = {Merkw{\"u}rdig: Staatsanw{\"a}lte im Fernsehkrimi},
	Url = {http://www.tagesspiegel.de/medien/tatort-merkwuerdig-staatsanwaelte-im-fernsehkrimi/8355924.html},
	Urldate = {8.2.2014},
	Year = {15.06.2013},
	Bdsk-Url-1 = {http://www.tagesspiegel.de/medien/tatort-merkwuerdig-staatsanwaelte-im-fernsehkrimi/8355924.html}}

@article{g00,
	Author = {Stefan Ernst},
	Date-Added = {2014-02-08 10:35:12 +0000},
	Date-Modified = {2014-02-08 10:35:12 +0000},
	Journal = {NJW},
	Keywords = {StrR},
	Pages = {744--746},
	Title = {Medien, Justiz und Rechtswirklichkeit},
	Year = {2010}}

@article{b04,
	Author = {Markus Ehrenberg},
	Date-Added = {2014-02-08 10:28:56 +0000},
	Date-Modified = {2014-02-20 07:35:38 +0000},
	Gender = {sm},
	Journal = {Tagesspiegel},
	Keywords = {StrR},
	Title = {\frq Wir bekamen m{\"a}chtig Schl{\"a}ge ab\flq},
	Url = {http://www.tagesspiegel.de/medien/ard-rechtsexperte-moeller-wir-bekamen-maechtig-schlaege-ab/2617404.html},
	Urldate = {8.2.2014},
	Year = {15.11.2010},
	Bdsk-Url-1 = {http://www.tagesspiegel.de/medien/ard-rechtsexperte-moeller-wir-bekamen-maechtig-schlaege-ab/2617404.html}}

@book{b05,
	Address = {Frankfurt~a.\,M.},
	Author = {Cornelia Vismann},
	Date-Added = {2014-02-08 10:26:58 +0000},
	Date-Modified = {2014-02-11 10:32:25 +0000},
	Keywords = {StrR},
	Title = {Medien der Rechtsprechung},
	Year = {2011}}

@article{b03,
	Author = {Susanne Baer},
	Date-Added = {2014-02-08 10:25:31 +0000},
	Date-Modified = {2014-03-06 13:39:43 +0000},
	Gender = {sf},
	Journal = {taz},
	Keywords = {StrR},
	Title = {Vom Gericht zum Tribunal?},
	Url = {http://www.taz.de/!72486/},
	Urldate = {8.2.2014},
	Year = {16.06.2011},
	Bdsk-Url-1 = {http://www.taz.de/!72486/}}

@article{b06,
	Author = {Winfried Hassemer},
	Date-Added = {2014-02-08 10:23:47 +0000},
	Date-Modified = {2014-02-08 10:26:18 +0000},
	Gender = {sm},
	Journal = {FAZ},
	Keywords = {StrR},
	Pages = {S. L38},
	Title = {Rezension: Vismann, Cornelia: Medien der Rechtsprechung},
	Year = {08.10.2011}}

@article{b08,
	Author = {Klaus F. R{\"o}hl},
	Date-Added = {2014-02-08 08:54:26 +0000},
	Date-Modified = {2014-03-13 17:15:34 +0000},
	Gender = {sm},
	Howcited = {1},
	Keywords = {StrR},
	Shorttitle = {Besprechung II},
	Title = {Ein starkes St{\"u}ck Kulturwissenschaft: Cornelia Vismanns Tribunalisierungsthese},
	Url = {http://www.rsozblog.de/ein-starkes-stuck-kulturwissenschaft-cornelia-vismanns-tribunalisierungsthese/},
	Urldate = {08.02.2014},
	Year = {17.11.2011},
	Bdsk-Url-1 = {http://www.rsozblog.de/ein-starkes-stuck-kulturwissenschaft-cornelia-vismanns-tribunalisierungsthese/}}

@incollection{g36/B,
	Address = {Portland},
	Author = {Christina O. Spiesel and Richard K. Sherwin and Neal Feigenson},
	Booktitle = {Contemporary Issues of the Semiotics of Law},
	Date-Added = {2014-02-08 08:20:47 +0000},
	Date-Modified = {2014-02-09 15:52:37 +0000},
	Editor = {Anne Wagner and Tracey Summerfield and Farid Samir Benavides Vanegas},
	Editortype = {Hrsg.},
	Gender = {sm},
	Keywords = {StrR},
	Pages = {231--255},
	Title = {Law in the Age of Images: The Challenge of Visual Literacy},
	Year = {2005}}

@article{f03,
	Author = {Steve Greenfield and Guy Osborn},
	Date-Added = {2014-02-08 08:19:55 +0000},
	Date-Modified = {2014-02-11 13:08:10 +0000},
	Gender = {sm},
	Journal = {International Journal of the Sociology of Law},
	Keywords = {StrR},
	Pages = {107--130},
	Title = {Where Cultures Collide: The Characterization of Law and Lawyers in Film},
	Year = {1995}}

@incollection{a05,
	Address = {Leipzig},
	Author = {Matthias Kuzina},
	Booktitle = {Entstaatlichung und soziale Sicherheit. Verhandlungen des 31. Kongresses der Deutschen Gesellschaft f{\"u}r Soziologie},
	Date-Added = {2014-02-08 08:15:58 +0000},
	Date-Modified = {2014-03-11 10:48:08 +0000},
	Editor = {Jutta Allmendinger},
	Editortype = {Hrsg.},
	Gender = {sm},
	Keywords = {StrR},
	Pages = {CD-Rom},
	Title = {Der Hollywoodfilm als Spiegelung der Rechtskultur: A Civil Action (1998)},
	Year = {2002}}

@incollection{g30,
	Address = {Konstanz},
	Author = {Stefan Machura},
	Booktitle = {Im Namen des Fernsehvolkes},
	Date-Added = {2014-02-07 19:34:33 +0000},
	Date-Modified = {2014-02-09 20:10:42 +0000},
	Editor = {Katrin D{\"o}veling and Lothar Mikos and J{\"o}rg-Uwe Nieland},
	Editortype = {Hrsg.},
	Gender = {sm},
	Keywords = {StrR},
	Pages = {83--103},
	Shorttitle = {D{\"o}veling/Mikos/Nieland (Hg.)},
	Title = {Ansehensverlust der Justiz? Licht und Schatten des Gerichtsshowkonsums},
	Year = {2007}}

@incollection{g39,
	Address = {Konstanz},
	Author = {Sabrina Brauer},
	Booktitle = {Im Namen des Fernsehvolkes},
	Date-Added = {2014-02-07 19:32:05 +0000},
	Date-Modified = {2014-02-19 12:38:44 +0000},
	Editor = {Katrin D{\"o}veling and Lothar Mikos and J{\"o}rg-Uwe Nieland},
	Editortype = {Hrsg.},
	Gender = {sm},
	Keywords = {StrR},
	Pages = {33--83},
	Shorttitle = {D{\"o}veling/Mikos/Nieland (Hg.)},
	Title = {Gerichtsshow als Hybridgenre. Dramaturgie, Inszenierung und Rezeptionsmuster},
	Year = {2007}}

@book{g38,
	Address = {Amherst},
	Author = {Helle Porsdam},
	Date-Added = {2014-02-07 19:30:09 +0000},
	Date-Modified = {2014-02-10 11:15:47 +0000},
	Keywords = {StrR},
	Title = {Legally Speaking. Contemporary American Culture and the Law},
	Year = {1999}}

@book{f05,
	Address = {G{\"o}ttingen},
	Author = {Matthias Kuzina},
	Date-Added = {2014-02-07 19:28:12 +0000},
	Date-Modified = {2014-02-11 13:08:39 +0000},
	Keywords = {StrR},
	Title = {Der amerikanische Gerichtsfilm},
	Year = {2000}}

@article{g32,
	Author = {Stefan Machura},
	Date-Added = {2014-02-07 19:25:05 +0000},
	Date-Modified = {2014-02-09 10:36:29 +0000},
	Journal = {Paragrana},
	Keywords = {StrR},
	Pages = {174--188},
	Title = {Fernsehgerichtshows: Spektakes des Rechts},
	Volume = {15},
	Year = {2006}}

@article{g17/b,
	Author = {Ruth Herz},
	Date-Added = {2014-02-07 09:30:55 +0000},
	Date-Modified = {2014-02-08 10:14:12 +0000},
	Journal = {NK},
	Keywords = {StrR},
	Pages = {114-119},
	Title = {Realit{\"a}t oder Fiktion? Die Darstellung der Justiz im Fernsehen},
	Year = {2008}}

@incollection{a08,
	Address = {Baden-Baden},
	Author = {Klaus F. R{\"o}hl},
	Booktitle = {Empirische Rechtssoziologie. Gedenkschrift f{\"u}r Wolfgang Kaupen},
	Date-Added = {2014-02-05 09:22:18 +0000},
	Date-Modified = {2014-02-11 13:05:45 +0000},
	Editor = {Dieter Strempel and Theo Rasehorn},
	Editortype = {Hrsg.},
	Gender = {sm},
	Keywords = {StrR},
	Pages = {315--323},
	Shorttitle = {GS-Kaupen},
	Title = {Law and Popular Culture: Popular Legal Culture as Media Legal Culture},
	Year = {2002}}

@incollection{b01,
	Address = {Baden-Baden},
	Author = {Hans Leyendecker},
	Booktitle = {Strafverteidigung im Rechtsstaat},
	Date-Added = {2014-02-05 09:18:44 +0000},
	Date-Modified = {2014-03-13 17:10:52 +0000},
	Editortype = {Hrsg.},
	Keywords = {StrR},
	Pages = {192--202},
	Shorttitle = {Strafverteidigung im Rechtsstaat},
	Title = {Findelkind des Journalismus. Das Elend mit der Gerichtsreportage -- vernachl{\"a}ssigt, verdr{\"a}ngt, verkommen.},
	Year = {2009}}

@commented{stpo_gercke,
	Address = {M{\"u}nchen},
	Date-Added = {2014-02-01 17:05:52 +0000},
	Date-Modified = {2014-02-24 08:58:30 +0000},
	Edition = {5.},
	Editor = {Bj{\"o}rn Gercke and Karl-Peter Julius and Dieter Temming and Mark A. Z{\"o}ller},
	Editortype = {Hrsg.},
	Keywords = {StrR},
	Title = {Strafprozessordnung},
	Year = {2014}}

@book{vormbaum_geschichte,
	Address = {Heidelberg},
	Author = {Thomas Vormbaum},
	Date-Added = {2014-02-01 17:03:11 +0000},
	Date-Modified = {2014-02-24 08:58:38 +0000},
	Edition = {2.},
	Keywords = {StrR},
	Title = {Einf{\"u}hrung in die moderne Strafrechtsgeschichte},
	Year = {2011}}

@book{schroth_opfer:2011,
	Address = {Heidelberg},
	Author = {Klaus Schroth},
	Date-Added = {2014-02-01 17:01:07 +0000},
	Date-Modified = {2014-02-01 17:02:44 +0000},
	Edition = {2.},
	Keywords = {StrR},
	Title = {Die Rechte des Opfers im Strafprozess},
	Year = {2011}}

@article{g04,
	Author = {Franca Forth},
	Date-Added = {2014-01-31 06:52:33 +0000},
	Date-Modified = {2014-02-08 10:44:36 +0000},
	Journal = {S{\"u}ddeutsche},
	Keywords = {StrR},
	Title = {Richterin in Rot},
	Url = {http://www.sueddeutsche.de/medien/2.220/folgen-richterin-barbara-salesch-richterin-in-rot-1.1090594},
	Urldate = {8.2.2014},
	Year = {06.05.2011},
	Bdsk-Url-1 = {http://www.sueddeutsche.de/medien/2.220/folgen-richterin-barbara-salesch-richterin-in-rot-1.1090594}}

@book{str_roxin:at2,
	Address = {M{\"u}nchen},
	Author = {Roxin, Claus},
	Date-Added = {2014-01-30 19:12:15 +0000},
	Date-Modified = {2014-02-24 09:11:16 +0000},
	Keywords = {StrR},
	Shorttitle = {AT~II},
	Title = {Strafrecht Allgemeiner Teil~II. Besondere Erscheinungsformen der Straftat},
	Year = {2003}}

@commented{stgb_fischer,
	Address = {M{\"u}nchen},
	Author = {Fischer, Thomas},
	Date-Added = {2014-01-30 19:12:15 +0000},
	Date-Modified = {2014-02-24 08:58:58 +0000},
	Edition = {61.},
	Keywords = {StrR},
	Title = {Strafgesetzbuch und Nebengesetze},
	Year = {2014}}

@comment{BibDesk Smart Groups{
<?xml version="1.0" encoding="UTF-8"?>
<!DOCTYPE plist PUBLIC "-//Apple//DTD PLIST 1.0//EN" "http://www.apple.com/DTDs/PropertyList-1.0.dtd">
<plist version="1.0">
<array>
	<dict>
		<key>conditions</key>
		<array>
			<dict>
				<key>comparison</key>
				<integer>4</integer>
				<key>key</key>
				<string>BibTeX Type</string>
				<key>value</key>
				<string>commented</string>
				<key>version</key>
				<string>1</string>
			</dict>
		</array>
		<key>conjunction</key>
		<integer>0</integer>
		<key>group name</key>
		<string>Kommentare</string>
	</dict>
	<dict>
		<key>conditions</key>
		<array>
			<dict>
				<key>comparison</key>
				<integer>2</integer>
				<key>key</key>
				<string>Local File</string>
				<key>value</key>
				<string>0</string>
				<key>version</key>
				<string>1</string>
			</dict>
		</array>
		<key>conjunction</key>
		<integer>0</integer>
		<key>group name</key>
		<string>PDFs</string>
	</dict>
</array>
</plist>
}}
